<?xml version="1.0" encoding="UTF-8"?><collection><record><leader>06037ntm a2200553 a 4500</leader><controlfield tag="001">006813026</controlfield><controlfield tag="003">MiAaHDL</controlfield><controlfield tag="005">20190719000000.0</controlfield><controlfield tag="006">m        d        </controlfield><controlfield tag="007">cr bn ---auaua</controlfield><controlfield tag="008">090604s1536    xx            00| ||per d</controlfield><datafield tag="035" ind1=" " ind2=" "><subfield code="a">(MiU)006813026</subfield></datafield><datafield tag="035" ind1=" " ind2=" "><subfield code="a">sdr-miu006813026</subfield></datafield><datafield tag="040" ind1=" " ind2=" "><subfield code="a">MiU</subfield><subfield code="c">MiU</subfield><subfield code="e">amremm</subfield></datafield><datafield tag="043" ind1=" " ind2=" "><subfield code="a">n-us-mi</subfield></datafield><datafield tag="100" ind1="0" ind2=" "><subfield code="6">880-01</subfield><subfield code="a">Saʻdī.</subfield></datafield><datafield tag="245" ind1="1" ind2="0"><subfield code="6">880-03</subfield><subfield code="a">[Būstān,</subfield><subfield code="f">942, i.e. 1536].</subfield></datafield><datafield tag="260" ind1=" " ind2=" "><subfield code="c">[1536].</subfield></datafield><datafield tag="300" ind1=" " ind2=" "><subfield code="a">132 leaves :</subfield><subfield code="b">paper ;</subfield><subfield code="c">233 x 147 (141 x 63) mm.</subfield></datafield><datafield tag="500" ind1=" " ind2=" "><subfield code="a">Shelfmark: Ann Arbor, University of Michigan, Special Collections Library, Isl. Ms. 301</subfield></datafield><datafield tag="500" ind1=" " ind2=" "><subfield code="a">Origin: As appears in colophon on p.261, transcription completed 1 Dhū al-Qaʻdah 942 [ca. 22 April 1536].</subfield></datafield><datafield tag="500" ind1=" " ind2=" "><subfield code="a">Former shelfmark: "188 T. De. M. [i.e. Tammaro De Marinis]" in pencil on recto of front flyleaf (p.1).</subfield></datafield><datafield tag="500" ind1=" " ind2=" "><subfield code="a">Binding: Pasteboards covered in dark red leather ; Type II binding (with flap) ; doublures in light brown leather with central mandorla in filigree appliqué (once gold-painted) over area of blue pigment as well as tooled and gold-painted border and accents ; upper and lower covers carry stamped and gold-painted mandorla (filled with vegetal composition, compare Déroche class. OAi), pendants and cornerpieces as well as tooled and gold-painted border ; design continues on fore edge flap ; edges of text block gold-painted ; now sewn in white thread, two stations, other sewing holes visible ; worked chevron endbands in green and gray, fairly good condition ; overall in fair condition with minor abrasion, lifting and losses of leather, etc. ; subtle repairs at board edges, hinges, etc. in dark red-brown leather ; fore edge flap may be a replacement.</subfield></datafield><datafield tag="500" ind1=" " ind2=" "><subfield code="a">Support: non-European (likely Persian) laid paper with 8 laid lines per cm. (fairly indistinct) ; replacement leaves in a different (likely Persian or Indian) paper, medium cream in color, quite sturdy, crisp, well-sized and burnished to glossy ; some leaves guarded or repaired ; some pigment breakthrough at frames ; flyleaf in European laid paper, possibly recycled as it bears a leather burn pattern not corresponding to the present cover.</subfield></datafield><datafield tag="500" ind1=" " ind2=" "><subfield code="a">Decoration: Splendid once double-page illumination at opening (pp.2-3, though opening leaf has been replaced with a complementary piece of different style and quality) originally consisting of large rectangular panels each divided to central rectangular panel carrying opening text set off by cloud-bands (in gold with floral accents), flanked by vertical rectangular panels with gold lozenges on a lapis lazuli ground overlaid with swirling arabesques in gold, red, lavender, white, light blue, etc. and set off by upper and lower rectangular panels with gold cartouches carrying the title (originally) and author ("شيخ مصلح اليدن عليه الرحمة والغفران") in white surrounded by similar swirling arabesques on fields of gold and lapis lazuli evoking book cover design with borders of gold interlace ; entire rectangular panel surrounded by a border of lozenges in lapis lazuli with floral vegetal decoration in white, gold, red, etc. and a series of scalloped domes in gold on a lapis lazuli ground overlaid with similar swirling arabesques with perpendicular stalks (tīgh) ; elsewhere throughout, written area surrounded by frame consisting of a series of gold, light blue, dark red, and turquoise bands with outermost blue fillet, divisions within defined by narrow gold bands outlined with black fillets ; section headings set off in rectangular headpieces (ʻunwān / sarlawḥ) carrying headings in blue.</subfield></datafield><datafield tag="500" ind1=" " ind2=" "><subfield code="a">Script: Nastaʻlīq ; exquisite hand in a thin to medium line ; serifless with effect of inclination to the right, words descending to baseline, elongation and slight contrast in thickness of horizontal strokes, pointing mainly in distinct dots.</subfield></datafield><datafield tag="500" ind1=" " ind2=" "><subfield code="a">Layout: Written in 15 lines per page, mainly divided to two columns ; frame-ruled.</subfield></datafield><datafield tag="500" ind1=" " ind2=" "><subfield code="a">Collation: i, IV-4+4 (8), 3 IV(32), 2 (34), II (38), 11 IV(126), III (132) ; chiefly quaternions ; catchwords present ; pagination in pencil, Western numerals, supplied during digitization (includes opening flyleaf and skips two pages between pp.145-146).</subfield></datafield><datafield tag="500" ind1=" " ind2=" "><subfield code="a">Colophon: "Scribal," triangular, reads "تحريرا فى تاريخ غره شهر ذي القعدة الشريفه سنه ۹۴۲ تم"</subfield></datafield><datafield tag="500" ind1=" " ind2=" "><subfield code="a">Explicit: "بضاعت نیاوردم الا امید خدایا ز عفوم مکن نا امید"</subfield></datafield><datafield tag="500" ind1=" " ind2=" "><subfield code="a">Incipit: "بنام خداوند جان آفرین حکیم سخن در زبان آفرین خداوند بخشنده ی دستگیر کریم خطا بخش پوزش پذیر عزیزی که هر کز درش سر بتافت..."</subfield></datafield><datafield tag="500" ind1=" " ind2=" "><subfield code="a">Title supplied by cataloguer.</subfield></datafield><datafield tag="500" ind1=" " ind2=" "><subfield code="a">Ms. codex.</subfield></datafield><datafield tag="510" ind1="4" ind2=" "><subfield code="a">Rypka,</subfield><subfield code="c">p. 251-253</subfield></datafield><datafield tag="510" ind1="4" ind2=" "><subfield code="a">Browne,</subfield><subfield code="c">v. ii, p.525-532</subfield></datafield><datafield tag="510" ind1="4" ind2=" "><subfield code="a">Cat. Pers. MSS Brit. Mus.,</subfield><subfield code="c">p.595 ff.</subfield></datafield><datafield tag="520" ind1="8" ind2=" "><subfield code="a">Elegant copy of the Būstān, the celebrated mas̲navī of Saʻdī (d.1292), renowned Persian poet and prose writer.</subfield></datafield><datafield tag="538" ind1=" " ind2=" "><subfield code="a">Mode of access: Internet.</subfield></datafield><datafield tag="541" ind1=" " ind2=" "><subfield code="c">Purchase ;</subfield><subfield code="a">Acquired by purchase (funds donated by Horace Rackham).</subfield><subfield code="d">1924.</subfield></datafield><datafield tag="546" ind1=" " ind2=" "><subfield code="a">Persian.</subfield></datafield><datafield tag="561" ind1=" " ind2=" "><subfield code="a">Inscription in pencil on verso of front flyleaf "188 T. De. M. [i.e. Tammaro De Marinis]" ; occasional marginal notes with signes de renvoi ; poetic excerpts (of Jāmī) on final leaf (p.264) ; book price on lower doublure.</subfield></datafield><datafield tag="650" ind1=" " ind2="0"><subfield code="a">Manuscripts, Persian</subfield><subfield code="z">Michigan</subfield><subfield code="z">Ann Arbor.</subfield></datafield><datafield tag="650" ind1=" " ind2="0"><subfield code="a">Masnavis, Persian</subfield><subfield code="v">Early works to 1800.</subfield></datafield><datafield tag="650" ind1=" " ind2="0"><subfield code="a">Persian poetry</subfield><subfield code="y">747-1500.</subfield></datafield><datafield tag="655" ind1=" " ind2="7"><subfield code="a">Headpieces (layout features)</subfield><subfield code="y">16th century.</subfield><subfield code="2">aat</subfield></datafield><datafield tag="700" ind1="0" ind2=" "><subfield code="a">Abdülhamid</subfield><subfield code="b">II,</subfield><subfield code="c">Sultan of the Turks,</subfield><subfield code="d">1842-1918,</subfield><subfield code="e">former owner.</subfield></datafield><datafield tag="773" ind1="0" ind2=" "><subfield code="a">Abdul Hamid Collection.</subfield></datafield><datafield tag="880" ind1="1" ind2="0"><subfield code="6">245-03/</subfield><subfield code="a">[بوستان,</subfield><subfield code="f">942ه, 1536م].</subfield></datafield><datafield tag="880" ind1="0" ind2=" "><subfield code="6">100-01/</subfield><subfield code="a">سعدى.</subfield></datafield><datafield tag="CID" ind1=" " ind2=" "><subfield code="a">006813026</subfield></datafield><datafield tag="DAT" ind1="0" ind2=" "><subfield code="a">20190719102638.0</subfield><subfield code="b">20190719000000.0</subfield></datafield><datafield tag="DAT" ind1="1" ind2=" "><subfield code="a">20190719090653.0</subfield><subfield code="b">2019-07-19T16:11:50Z</subfield></datafield><datafield tag="DAT" ind1="2" ind2=" "><subfield code="a">2015-10-02T18:00:03Z</subfield></datafield><datafield tag="CAT" ind1=" " ind2=" "><subfield code="a">SDR-MIU</subfield><subfield code="d">EX LIBRIS - ALEPH</subfield><subfield code="l">prepare.pl-004-008</subfield></datafield><datafield tag="FMT" ind1=" " ind2=" "><subfield code="a">BK</subfield></datafield><datafield tag="HOL" ind1=" " ind2=" "><subfield code="0">sdr-miu006813026</subfield><subfield code="a">MiU</subfield><subfield code="b">SDR</subfield><subfield code="c">MIU</subfield><subfield code="p">mdp.39015079128198</subfield><subfield code="s">MIU</subfield><subfield code="1">006813026</subfield></datafield><datafield tag="974" ind1=" " ind2=" "><subfield code="b">MIU</subfield><subfield code="c">MIU</subfield><subfield code="d">20190719</subfield><subfield code="s">lit-dlps-dc</subfield><subfield code="u">mdp.39015079128198</subfield><subfield code="y">1536</subfield><subfield code="r">pd</subfield><subfield code="q">bib</subfield><subfield code="t">non-US bib date1 &lt; 1896</subfield></datafield></record></collection>